@article{garfield1965cancitation,
    author = {Garfield, E.},
    journal = {National Bureau of Standards Miscellaneous Publication},
    keywords = {bibtex-import},
    pages = {189--192},
    priority = {2},
    title = {{Can Citation Indexing Be Automated?}},
    volume = {269},
    year = {1965}
}
@article{moravcsikmurugesan1975someresults,
    author = {Moravcsik, M. J. and Murugesan, P.},
    journal = {Social Studies of Science},
    keywords = {bibtex-import},
    pages = {86--92},
    priority = {2},
    title = {{Some results on the function and quality of citations}},
    volume = {5},
    year = {1975}
}
@inproceedings{dongschafer2011ensemblestyle,
    author = {Dong, Cailing  and  Sch\"{a}fer, Ulrich},
    title = {Ensemble-style Self-training on Citation Classification},
    booktitle = {Proceedings of 5th International Joint Conference on Natural Language Processing},
    month = {November},
    year = {2011},
    address = {Chiang Mai, Thailand},
    publisher = {Asian Federation of Natural Language Processing},
    pages = {623--631},
}
@inproceedings{garzonemercer2000towardsan,
    address = {London, UK},
    author = {Garzone, Mark and Mercer, Robert E.},
    booktitle = {AI '00: Proceedings of the 13th Biennial Conference of the Canadian Society on Computational Studies of Intelligence},
    isbn = {3540675574},
    keywords = {all, citation-classification},
    pages = {337--346},
    priority = {2},
    publisher = {Springer-Verlag},
    title = {{Towards an Automated Citation Classifier}},
    year = {2000}
}
@article{teufel2006automaticclassification,
    address = {Sydney, Australia},
    author = {Teufel, S. and Siddharthan, A. and Tidhar, D.},
    booktitle = {Proceedings of the 2006 Conference on Empirical Methods in Natural Language Processing},
    journal = {Proceedings of the 2006 Conference on Empirical Methods in Natural Language Processing},
    keywords = {all, citation-classification, cues, file-import-09-04-28, nlp},
    month = jul,
    pages = {103--110},
    priority = {2},
    publisher = {Association for Computational Linguistics},
    title = {{Automatic classification of citation function}},
    year = {2006}
}
@inproceedings{nanbaokumura1999towardsmulti,
    author = {Nanba, Hidetsugu and Okumura, Manabu},
    booktitle = {IJCAI},
    editor = {Dean, Thomas},
    isbn = {1-55860-613-0},
    keywords = {dblp},
    pages = {926-931},
    publisher = {Morgan Kaufmann},
    title = {Towards Multi-paper Summarization Using Reference Information.},
    year = {1999}
}
@inproceedings{pham2003anewapproach,
    author = {Pham, Son Bao and Hoffmann, Achim G.},
    booktitle = {Australian Conference on Artificial Intelligence},
    editor = {Gedeon, Tamás D. and Fung, Lance Chun Che},
    isbn = {3-540-20646-9},
    keywords = {dblp},
    pages = {759-771},
    publisher = {Springer},
    series = {Lecture Notes in Computer Science},
    title = {A New Approach for Scientific Citation Classification Using Cue Phrases.},
    volume = {2903},
    year = {2003}
}
@article{agarwal2010automatically,
author = {Agarwal, Shashank and Choubey, Lisha and Yu, Hong},
title = {Automatically classifying the role of citations in biomedical articles},
journal = {Proceedings of the AMIA Annual Symposium},
volume = {2010},
month = nov,
year = {2010},
number = {},
pages = {11-5}
}
@article{marco2006usinghedges,
    author = {Marco, C. and Kroon, F. and Mercer, R.},
    journal = {Computing Attitude and Affect in Text: Theory and Applications},
    keywords = {all, citation-classification, cues, file-import-09-04-28, nlp},
    pages = {247--263},
    priority = {2},
    title = {{Using Hedges to Classify Citations in Scientific Articles}},
    year = {2006}
}
@inproceedings{ibekwesanjuan2008identifyingstrategic,
  author    = {Fidelia Ibekwe-Sanjuan and Chaomei Chen and Roberto Pinho},
  title     = {Identifying Strategic Information from Scientific Articles through Sentence Classification},
  booktitle = {LREC},
  year      = {2008}
}
@book{weinstock1971citationindexes,
  title={Citation Indexes},
  author={Weinstock, M.},
  url={http://books.google.com.sg/books?id=kiUoMAEACAAJ},
  year={1971},
  publisher={Institute for Scientific Information}
}
@book{ziman1968public,
  title={Public Knowledge: An Essay Concerning the Social Dimension of Science},
  author={Ziman, J.M.},
  isbn={9780521095198},
  lccn={lc68010691},
  url={http://books.google.com.sg/books?id=Fmg4AAAAIAAJ},
  year={1968},
  publisher={Cambridge University Press}
}
@article{chubinmoitra1975contentanalysis,
  title = {Content Analysis of References: Adjunct or Alternative to Citation Counting?},
  author = {Chubin, Daryl E. and Moitra, Soumyo D.},
  journal = {Social Studies of Science},
  volume = {5},
  number = {4},
  pages = {pp. 423-441},
  year = {1975},
  publisher = {Sage Publications, Ltd.},
  copyright = {Copyright © 1975 Sage Publications, Ltd.},
}
@article{caseshiggins2000howcan,
    address = {New York, NY, USA},
    author = {Cases, D. and Higgins, G.},
    journal = {J. Am. Soc. Inf. Sci.},
    month = may,
    number = {7},
    pages = {635--645},
    publisher = {John Wiley \& Sons, Inc.},
    title = {{How can we investigate citation behavior? A study of reasons for citing literature in communication}},
    volume = {51},
    year = {2000}
}
@inproceedings{busemannschmierarens2000messageclassification,
    author = {Stephan Busemann and Sven Schmeier and Roman G. Arens},
    title = {Message Classification in the Call Center},
    booktitle = {In Proceedings of the sixth conference on Applied natural language processing},
    year = {2000},
    pages = {158--165},
    publisher = {Morgan Kaufmann}
}
@article{spiegelrosing1977bibliometricand,
    author = {Spiegel-R\"{o}sing, Ina},
    journal = {Social Studies of Science},
    month = feb,
    number = {1},
    pages = {97--113},
    title = {{Science Studies: Bibliometric and Content Analysis}},
    volume = {7},
    year = {1977}
}
@inproceedings{teufel2006annotationscheme,
 author = {Teufel, Simone and Siddharthan, Advaith and Tidhar, Dan},
 title = {An annotation scheme for citation function},
 booktitle = {Proceedings of the 7th SIGdial Workshop on Discourse and Dialogue},
 series = {SigDIAL '06},
 year = {2006},
 location = {Sydney, Australia},
 pages = {80--87},
 publisher = {Association for Computational Linguistics},
} 
@book{radoulov2008exploringautomatic,
  title={Exploring Automatic Citation Classification},
  author={Radoulov, R.},
  isbn={9780494437858},
  series={Canadian theses},
  year={2008},
  publisher={University of Waterloo}
}
@article{yuagarwalfrid2009investigatingannotating,
    author = {Yu, Hong and Agarwal, Shashank and Frid, Nadya},
    journal = {Proceedings. IEEE International Conference on Bioinformatics and Biomedicine},
    location = {Washington, DC, USA},
    month = nov,
    number = {2009},
    pages = {308--313},
    title = {{Investigating and Annotating the Role of Citation in Biomedical Full-Text Articles.}},
    volume = {1-4 Nov},
    year = {2009}
}
@Unpublished{finney1979referencecharacteristics,
    author = {Finney, B.},
    title = {The Reference Characteristics of Scientific Texts},
    note = {Master's Thesis},
    year = {1979},
}
@inproceedings{platt1998usinganalytic,
  author = {Platt, John C.},
  booktitle = {NIPS},
  description = {dblp},
  editor = {Kearns, Michael J. and Solla, Sara A. and Cohn, David A.},
  pages = {557-563},
  publisher = {The MIT Press},
  title = {Using Analytic QP and Sparseness to Speed Training of Support Vector Machines.},
  year = 1998
}
@inproceedings{lewisringuette1994acomparison,
    author = {David D. Lewis and Marc Ringuette},
    title = {A Comparison of Two Learning Algorithms for Text Categorization},
    booktitle = {In Third Annual Symposium on Document Analysis and Information Retrieval},
    year = {1994},
    pages = {81--93}
}
@inproceedings{councillgileskan2008parscit,
  author = {Isaac G. Councill and C. Lee Giles and Min-Yen Kan},
  booktitle = {Proceedings of the Sixth International Language Resources and Evaluation (LREC'08)},
  date = {28-30},
  month = may,
  publisher = {European Language Resources Association (ELRA)},
  title = {ParsCit: an Open-source CRF Reference String Parsing Package},
  year = {2008}
}
@inproceedings{angroshcranefieldstanger2010contextidentification,
 author = {Angrosh, M. A. and Cranefield, Stephen and Stanger, Nigel},
 title = {Context identification of sentences in related work sections using a conditional random field: towards intelligent digital libraries},
 booktitle = {Proceedings of the 10th annual joint conference on Digital libraries},
 series = {JCDL '10},
 year = {2010},
 location = {Gold Coast, Queensland, Australia},
 pages = {293--302},
 numpages = {10},
 publisher = {ACM},
 address = {New York, NY, USA},
 keywords = {citation classification, conditional random fields, linear chain CRFs, sentence classification},
}
@techreport{garfield1964use,
  title={The use of citation data in writing the history of science},
  author={Garfield, Eugene and Sher, Irving H and Torpie, Richard J},
  year={1964},
  institution={Institute for Scientific Information, Philadelphia, Pennsylvania}
}
@article{hall2009weka,
 author = {Hall, Mark and Frank, Eibe and Holmes, Geoffrey and Pfahringer, Bernhard and Reutemann, Peter and Witten, Ian H.},
 title = {The WEKA Data Mining Software: An Update},
 journal = {SIGKDD Exploration Newsletter},
 volume = {11},
 number = {1},
 month = nov,
 year = {2009},
 issn = {1931-0145},
 pages = {10--18},
 numpages = {9},
 publisher = {ACM},
 address = {New York, NY, USA},
} 
